[gd_scene load_steps=3 format=2]

[ext_resource path="res://menu/HowToPlay.gd" type="Script" id=1]
[ext_resource path="res://common/theme.tres" type="Theme" id=2]

[node name="HowToPlay" type="VBoxContainer"]
anchor_right = 1.0
anchor_bottom = 1.0
theme = ExtResource( 2 )
script = ExtResource( 1 )
__meta__ = {
"_edit_use_anchors_": false
}

[node name="Pages" type="Control" parent="."]
margin_right = 320.0
margin_bottom = 154.0
size_flags_horizontal = 3
size_flags_vertical = 3

[node name="Introduction1" type="RichTextLabel" parent="Pages"]
anchor_right = 1.0
anchor_bottom = 1.0
bbcode_enabled = true
bbcode_text = "INTRODUCTION (1/2)

You're Mampfred, the only remaining citizen of Dwarf City. The others left when love-crazed princes started attacking to steal the singing and tingling tree. If you could only find a way to stop them."
text = "INTRODUCTION (1/2)

You're Mampfred, the only remaining citizen of Dwarf City. The others left when love-crazed princes started attacking to steal the singing and tingling tree. If you could only find a way to stop them."
__meta__ = {
"_edit_use_anchors_": false
}

[node name="Introduction2" type="RichTextLabel" parent="Pages"]
visible = false
anchor_right = 1.0
anchor_bottom = 1.0
bbcode_enabled = true
bbcode_text = "INTRODUCTION (2/2)

If you can keep the tree alive for about 120 seconds it'll grow to a huge tree, too big for princes to carry. May then even you fellow neighbors will return home. Without the tree all hope will be gone."
text = "INTRODUCTION (2/2)

If you can keep the tree alive for about 120 seconds it'll grow to a huge tree, too big for princes to carry. May then even you fellow neighbors will return home. Without the tree all hope will be gone."
__meta__ = {
"_edit_use_anchors_": false
}

[node name="HowToTakeCareOfTheTree" type="RichTextLabel" parent="Pages"]
visible = false
anchor_right = 1.0
anchor_bottom = 1.0
size_flags_horizontal = 3
size_flags_vertical = 3
bbcode_enabled = true
bbcode_text = "HOW TO TAKE CARE OF THE TREE

The tree tingles and shows it's demand if it has any. Hurry or it may die if you take too long.
Use the watering can [img]res://game/item/watering_can.png[/img] to water it.
Use the scissor [img]res://game/item/scissor.png[/img] to cut away bad leafs.
Just interact [img]res://game/item/textbubble.png[/img] with it."
text = "HOW TO TAKE CARE OF THE TREE

The tree tingles and shows it's demand if it has any. Hurry or it may die if you take too long.
Use the watering can  to water it.
Use the scissor  to cut away bad leafs.
Just interact  with it."
scroll_active = false
__meta__ = {
"_edit_use_anchors_": false
}

[node name="HowToStopLoveCrazedPrinces" type="RichTextLabel" parent="Pages"]
visible = false
anchor_right = 1.0
anchor_bottom = 1.0
size_flags_horizontal = 3
size_flags_vertical = 3
bbcode_enabled = true
bbcode_text = "HOW TO STOP LOVE-CRAZED PRINCES

Those annoying princes try to steal your precious tree to gift it to their loved ones. They will only stop if they trip over one of your traps.
A disarmed trap [img]res://game/trap/close.png[/img] can be armed [img]res://game/trap/open.png[/img] by interacting with it."
text = "HOW TO STOP LOVE-CRAZED PRINCES

Those annoying princes try to steal your precious tree to gift it to their loved ones. They will only stop if they trip over one of your traps.
A disarmed trap  can be armed  by interacting with it."
scroll_active = false
__meta__ = {
"_edit_use_anchors_": false
}

[node name="KeyControls" type="RichTextLabel" parent="Pages"]
visible = false
anchor_right = 1.0
anchor_bottom = 1.0
bbcode_enabled = true
bbcode_text = "CONTROLS

Move with [LEFT] and [RIGHT]
Interact with [SPACE]
Quit with [ESC]"
text = "CONTROLS

Move with [LEFT] and [RIGHT]
Interact with [SPACE]
Quit with [ESC]"
__meta__ = {
"_edit_use_anchors_": false
}

[node name="TouchControls" type="RichTextLabel" parent="Pages"]
visible = false
anchor_right = 1.0
anchor_bottom = 1.0
bbcode_enabled = true
bbcode_text = "CONTROLS

Move by touching the right side of the screen and moving the finger

Interact by touching the left side of the screen"
text = "CONTROLS

Move by touching the right side of the screen and moving the finger

Interact by touching the left side of the screen"
__meta__ = {
"_edit_use_anchors_": false
}

[node name="Credits" type="RichTextLabel" parent="Pages"]
visible = false
anchor_right = 1.0
anchor_bottom = 1.0
bbcode_enabled = true
bbcode_text = "CREDITS

Graphics by Sedna
Coding by GagaPete
Created during Ludum Dare 46 Jam

Font used is \"Alagard\" by Hewett Tsoi"
text = "CREDITS

Graphics by Sedna
Coding by GagaPete
Created during Ludum Dare 46 Jam

Font used is \"Alagard\" by Hewett Tsoi"
__meta__ = {
"_edit_use_anchors_": false
}

[node name="HBoxContainer" type="HBoxContainer" parent="."]
margin_top = 162.0
margin_right = 320.0
margin_bottom = 180.0

[node name="NextPage" type="Button" parent="HBoxContainer"]
margin_right = 52.0
margin_bottom = 18.0
size_flags_horizontal = 2
text = "Next"

[node name="Back" type="Button" parent="HBoxContainer"]
margin_left = 204.0
margin_right = 320.0
margin_bottom = 18.0
size_flags_horizontal = 10
text = "Back to menu"
[connection signal="pressed" from="HBoxContainer/NextPage" to="." method="_on_NextPage_pressed"]
[connection signal="pressed" from="HBoxContainer/Back" to="." method="_on_Back_pressed"]
